@book{PlayersHandbook,
    place={Renton, WA},
    title={Dungeons \& dragons players handbook},
    publisher={Wizards of the Coast LLC},
    author={Mearls, Mike and Crawford, Jeremy},
    year={2014}
    }